<?xml version="1.0" encoding="UTF-8"?>
<collection xmlns="http://www.loc.gov/MARC21/slim">
<!-- NOTE: wrote test data from highest field to lowest, so more complete cases are at bottom -->
<!-- 100 fields (not repeatable ... but Stanford has mults) main entry personal name: subfields a - z -->
    <record>
        <leader>66662cim  2200457Ia 45í0</leader>
        <controlfield tag="001">a1001</controlfield>
        <controlfield tag="008">041202s2000    mdunnn  s      f    eng d</controlfield>
        <datafield tag="100" ind1="1" ind2=" ">
            <subfield code="a">Seuss,</subfield>
            <subfield code="c">Dr.</subfield>
        </datafield>
        <datafield tag="245" ind1="1" ind2="4">
            <subfield code="a">100 a c </subfield>
        </datafield>
    </record>