
    <record>
        <leader>66662cim  2200457Ia 45í0</leader>
        <controlfield tag="001">a1002</controlfield>
        <controlfield tag="008">041202s2000    mdunnn  s      f    eng d</controlfield>
        <datafield tag="100" ind1="1" ind2=" ">
            <subfield code="a">Fowler, T. M.</subfield>
            <subfield code="q">(Thaddeus Mortimer)</subfield>
            <subfield code="d">1842-1922.</subfield>
        </datafield>
        <datafield tag="245" ind1="1" ind2="4">
            <subfield code="a">100 a q d</subfield>
        </datafield>
    </record>