
    <record>
        <leader>66662cim  2200457Ia 45í0</leader>
        <controlfield tag="001">a1003</controlfield>
        <controlfield tag="008">041202s2000    mdunnn  s      f    eng d</controlfield>
        <datafield tag="100" ind1="1" ind2=" ">
            <subfield code="a">Bach, Johann Sebastian.</subfield>
            <subfield code="4">aut</subfield>
            <subfield code="0">(DE-101c)310008891</subfield>
        </datafield>
        <datafield tag="245" ind1="1" ind2="4">
            <subfield code="a">100 a 4 0</subfield>
        </datafield>
    </record>