

<!-- 110 fields (not repeatable) main entry corporate name: subfields a - z -->
    <record>
        <leader>66662cim  2200457Ia 45í0</leader>
        <controlfield tag="001">a110</controlfield>
        <controlfield tag="008">041202s2000    mdunnn  s      f    eng d</controlfield>
        <datafield tag="110" ind1="1" ind2=" ">
            <subfield code="a">United States.</subfield>
            <subfield code="b">Congress</subfield>
            <subfield code="n">(97th, 2nd session :</subfield>
            <subfield code="d">1982).</subfield>
            <subfield code="b">House.</subfield>
        </datafield>
        <datafield tag="245" ind1="1" ind2="4">
            <subfield code="a">110 a b n d b</subfield>
        </datafield>
    </record>