

<!-- 111 fields (not repeatable) main entry meeting name: subfields a - z -->
    <record>
        <leader>66662cim  2200457Ia 45í0</leader>
        <controlfield tag="001">a111</controlfield>
        <controlfield tag="008">041202s2000    mdunnn  s      f    eng d</controlfield>
        <datafield tag="111" ind1="2" ind2=" ">
            <subfield code="a">International Jean Sibelius Conference</subfield>
            <subfield code="n">(3rd :</subfield>
            <subfield code="d">2000 :</subfield>
            <subfield code="c">Helsinki, Finland)</subfield>
        </datafield>
        <datafield tag="245" ind1="1" ind2="4">
            <subfield code="a">111 a n d c</subfield>
        </datafield>
    </record>