

<!-- 130 fields (not repeatable) main entry uniform title: subfields a - z -->
    <record>
        <leader>66662cim  2200457Ia 45í0</leader>
        <controlfield tag="001">a130</controlfield>
        <controlfield tag="008">041202s2000    mdunnn  s      f    eng d</controlfield>
        <datafield tag="130" ind1="0" ind2=" ">
            <subfield code="a">Bible.</subfield>
            <subfield code="p">O.T.</subfield>
            <subfield code="p">Five Scrolls.</subfield>
            <subfield code="l">Hebrew.</subfield>
            <subfield code="s">Biblioteca apostolica vaticana.</subfield>
            <subfield code="k">Manuscript.</subfield>
            <subfield code="n">Urbiniti Hebraicus 1.</subfield>
            <subfield code="f">1980.</subfield>
        </datafield>
        <datafield tag="245" ind1="1" ind2="4">
            <subfield code="a">130 a p p l s k n f</subfield>
        </datafield>
    </record>