

<!-- 240 fields (not repeatable) uniform title: subfields a - z -->
    <record>
        <leader>66662cim  2200457Ia 45í0</leader>
        <controlfield tag="001">a2401</controlfield>
        <controlfield tag="008">041202s2000    mdunnn  s      f    eng d</controlfield>
        <datafield tag="240" ind1="1" ind2="0">
            <subfield code="a">Variations,</subfield>
            <subfield code="m">piano, 4 hands,</subfield>
            <subfield code="n">K. 501,</subfield>
            <subfield code="r">G major</subfield>
        </datafield>
        <datafield tag="245" ind1="1" ind2="4">
            <subfield code="a">240 a m n r</subfield>
        </datafield>
    </record>