
    <record>
        <leader>66662cim  2200457Ia 45í0</leader>
        <controlfield tag="001">a2402</controlfield>
        <controlfield tag="008">041202s2000    mdunnn  s      f    eng d</controlfield>
        <datafield tag="240" ind1="1" ind2="0">
            <subfield code="a">Treaties, etc.</subfield>
            <subfield code="g">Poland,</subfield>
            <subfield code="d">1948 Mar. 2.</subfield>
            <subfield code="k">Protocols, etc.,</subfield>
            <subfield code="d">1951 Mar. 6</subfield>
        </datafield>
        <datafield tag="245" ind1="1" ind2="4">
            <subfield code="a">240 a g d k d</subfield>
        </datafield>
    </record>