
        
<!-- 130 and 240 -->
    <record>
        <leader>66662cim  2200457Ia 45í0</leader>
        <controlfield tag="001">a11332244</controlfield>
        <controlfield tag="008">041202s2000    mdunnn  s      f    eng d</controlfield>
        <datafield tag="130" ind1="1" ind2="0">
            <subfield code="a">Bodkin Van Horn</subfield>
        </datafield>
        <datafield tag="240" ind1="1" ind2="0">
            <subfield code="a">Marvin O'Gravel Balloon Face</subfield>
        </datafield>
        <datafield tag="245" ind1="1" ind2="4">
            <subfield code="a">130 and 240</subfield>
        </datafield>
    </record>