
    

<!-- 245 fields (not repeatable ... but Stanford has mults) title: a + b + h AND a - z -->
    <record>
        <leader>66662cim  2200457Ia 45í0</leader>
        <controlfield tag="001">a2451</controlfield>
        <controlfield tag="008">041202s2000    mdunnn  s      f    eng d</controlfield>
        <datafield tag="100" ind1="0" ind2=" ">
            <subfield code="a">245 a p n h c: brief title diff from full title</subfield>
        </datafield>
        <datafield tag="245" ind1="0" ind2="0">
            <subfield code="a">Heritage Books archives.</subfield>
            <subfield code="p">Underwood biographical dictionary.</subfield>
            <subfield code="n">Volumes 1 &amp; 2 revised</subfield>
            <subfield code="h">[electronic resource] /</subfield>
            <subfield code="c">Laverne Galeener-Moore.</subfield>
        </datafield>
    </record>