
    <record>
        <leader>66662cim  2200457Ia 45í0</leader>
        <controlfield tag="001">a2452</controlfield>
        <controlfield tag="008">041202s2000    mdunnn  s      f    eng d</controlfield>
        <datafield tag="100" ind1="0" ind2=" ">
            <subfield code="a">245 a b c: slash end of b</subfield>
        </datafield>        
        <datafield tag="245" ind1="1" ind2="4">
            <subfield code="a">Ton meionoteton eunoia :</subfield>
            <subfield code="b">mythistorema /</subfield>
            <subfield code="c">Spyrou Gkrintzou.</subfield>
        </datafield>
    </record>