
    <record>
        <leader>66662cim  2200457Ia 45í0</leader>
        <controlfield tag="001">a2453</controlfield>
        <controlfield tag="008">041202s2000    mdunnn  s      f    eng d</controlfield>
        <datafield tag="100" ind1="0" ind2=" ">
            <subfield code="a">245 a c: slash end of a</subfield>
        </datafield>        
        <datafield tag="245" ind1="0" ind2="0">
            <subfield code="a">Proceedings /</subfield>
            <subfield code="c">...</subfield>
        </datafield>
    </record>