
    
<!-- 246 fields (repeatable) varying form of title: subfields a - z -->
    <record>
        <leader>66662cim  2200457Ia 45í0</leader>
        <controlfield tag="001">a2461</controlfield>
        <controlfield tag="008">041202s2000    mdunnn  s      f    eng d</controlfield>
        <datafield tag="245" ind1="1" ind2="4">
            <subfield code="a">246 a only</subfield>
        </datafield>
        <datafield tag="246" ind1="1" ind2="8">
            <subfield code="a">Latino Institute research digest</subfield>
        </datafield>
    </record>