
    <record>
        <leader>66662cim  2200457Ia 45í0</leader>
        <controlfield tag="001">a2462</controlfield>
        <controlfield tag="008">041202s2000    mdunnn  s      f    eng d</controlfield>
        <datafield tag="245" ind1="1" ind2="4">
            <subfield code="a">246 i a f</subfield>
        </datafield>
        <datafield tag="246" ind1="1" ind2=" ">
            <subfield code="i">At head of title:</subfield>
            <subfield code="a">Science and public affairs</subfield>
            <subfield code="f">Jan. 1970-Apr. 1974</subfield>
        </datafield>
    </record>