
    
<!-- 250 fields (not repeatable ... but Stanford has mults) edition: subfields a, b only -->
    <record>
        <leader>66662cim  2200457Ia 45í0</leader>
        <controlfield tag="001">a2501</controlfield>
        <controlfield tag="008">041202s2000    mdunnn  s      f    eng d</controlfield>
        <datafield tag="245" ind1="1" ind2="4">
            <subfield code="a">250 a only</subfield>
        </datafield>
        <datafield tag="250" ind1=" " ind2=" ">
            <subfield code="a">1. ed.</subfield>
        </datafield>
    </record>