
    <record>
        <leader>66662cim  2200457Ia 45í0</leader>
        <controlfield tag="001">a2502</controlfield>
        <controlfield tag="008">041202s2000    mdunnn  s      f    eng d</controlfield>
        <datafield tag="245" ind1="1" ind2="4">
            <subfield code="a">250 a b</subfield>
        </datafield>
        <datafield tag="250" ind1=" " ind2=" ">
            <subfield code="a">3rd draft /</subfield>
            <subfield code="b">edited by Paul Watson.</subfield>
        </datafield>
    </record>