
    
<!-- 300 fields (repeatable) physical description: subfields a, b, c, e, f, g only -->
    <record>
        <leader>66662cim  2200457Ia 45í0</leader>
        <controlfield tag="001">a3001</controlfield>
        <controlfield tag="008">041202s2000    mdunnn  s      f    eng d</controlfield>
        <datafield tag="245" ind1="1" ind2="4">
            <subfield code="a">300 a b c</subfield>
        </datafield>
        <datafield tag="300" ind1=" " ind2=" ">
            <subfield code="a">1 sound disc (20 min.);</subfield>
            <subfield code="b">analog, 33 1/3 rpm, stereo. ;</subfield>
            <subfield code="c">12 in.</subfield>
        </datafield>   
    </record>