
    <record>
        <leader>66662cim  2200457Ia 45í0</leader>
        <controlfield tag="001">a3002</controlfield>
        <controlfield tag="008">041202s2000    mdunnn  s      f    eng d</controlfield>
        <datafield tag="245" ind1="1" ind2="4">
            <subfield code="a">300 3 a f g</subfield>
        </datafield>
        <datafield tag="300" ind1=" " ind2=" ">
            <subfield code="3">records</subfield>
            <subfield code="a">1</subfield>
            <subfield code="f">box</subfield>
            <subfield code="g">2 x 4 x 3 1/2 ft.</subfield>
        </datafield>   
    </record>