
    <record>
        <leader>66662cim  2200457Ia 45í0</leader>
        <controlfield tag="001">a3003</controlfield>
        <controlfield tag="008">041202s2000    mdunnn  s      f    eng d</controlfield>
        <datafield tag="245" ind1="1" ind2="4">
            <subfield code="a">300 subfields repeat</subfield>
        </datafield>
        <datafield tag="300" ind1=" " ind2=" ">
            <subfield code="a">17</subfield>
            <subfield code="f">boxes</subfield>
            <subfield code="a">(7</subfield>
            <subfield code="f">linear ft.)</subfield>
        </datafield>   
    </record>