
    <record>
        <leader>66662cim  2200457Ia 45í0</leader>
        <controlfield tag="001">a3004</controlfield>
        <controlfield tag="008">041202s2000    mdunnn  s      f    eng d</controlfield>
        <datafield tag="245" ind1="1" ind2="4">
            <subfield code="a">300 subfields not in alpha order: 3 a f c </subfield>
        </datafield>
        <datafield tag="300" ind1=" " ind2=" ">
            <subfield code="3">poems</subfield>
            <subfield code="a">1</subfield>
            <subfield code="f">page ;</subfield>
            <subfield code="c">108 cm. x 34.5 cm.</subfield>
        </datafield>   
    </record>