
    <record>
        <leader>66662cim  2200457Ia 45í0</leader>
        <controlfield tag="001">a3005</controlfield>
        <controlfield tag="008">041202s2000    mdunnn  s      f    eng d</controlfield>
        <datafield tag="245" ind1="1" ind2="4">
            <subfield code="a">two 300 a b c</subfield>
        </datafield>
        <datafield tag="300" ind1=" " ind2=" ">
            <subfield code="a">65 prints :</subfield>
            <subfield code="b">relief process ;</subfield>
            <subfield code="c">29 x 22 cm.</subfield>
        </datafield>   
        <datafield tag="300" ind1=" " ind2=" ">
            <subfield code="a">8 albums (550 photoprints) ;</subfield>
            <subfield code="c">51 x 46 cm. or smaller.</subfield>
        </datafield>   
    </record>