
    <record>
        <leader>66662cim  2200457Ia 45í0</leader>
        <controlfield tag="001">a4402</controlfield>
        <controlfield tag="008">041202s2000    mdunnn  s      f    eng d</controlfield>
        <datafield tag="245" ind1="1" ind2="4">
            <subfield code="a">440 |a |n |v</subfield>
        </datafield>
        <datafield tag="440" ind1=" " ind2="0">
            <subfield code="a">The Rare book tapes.</subfield>
            <subfield code="n">Series 1 ;</subfield>
            <subfield code="v">5</subfield>
        </datafield>
    </record>