
    <record>
        <leader>66662cim  2200457Ia 45í0</leader>
        <controlfield tag="001">a4403</controlfield>
        <controlfield tag="008">041202s2000    mdunnn  s      f    eng d</controlfield>
        <datafield tag="245" ind1="1" ind2="4">
            <subfield code="a">440 |a |p |x |v</subfield>
        </datafield>
        <datafield tag="440" ind1="1" ind2="0">
            <subfield code="a">Janua linguarum.</subfield>
            <subfield code="v">Series maior,</subfield>
            <subfield code="x">0075-3114 ;</subfield>
            <subfield code="v">100</subfield>
        </datafield>
    </record>