
    
<!-- 490 fields (repeatable) series statements: subfields a, v only -->
    <record>
        <leader>66662cim  2200457Ia 45í0</leader>
        <controlfield tag="001">a4901</controlfield>
        <controlfield tag="008">041202s2000    mdunnn  s      f    eng d</controlfield>
        <datafield tag="245" ind1="1" ind2="4">
            <subfield code="a">490 |a only</subfield>
        </datafield>
        <datafield tag="490" ind1="0" ind2=" ">
            <subfield code="a">Education for living series.</subfield>
        </datafield>
    </record>