
    <record>
        <leader>66662cim  2200457Ia 45í0</leader>
        <controlfield tag="001">a4903</controlfield>
        <controlfield tag="008">041202s2000    mdunnn  s      f    eng d</controlfield>
        <datafield tag="245" ind1="1" ind2="4">
            <subfield code="a">490 |a |v |a |v</subfield>
        </datafield>
        <datafield tag="490" ind1="1" ind2=" ">
            <subfield code="a">Department of State publication ;</subfield>
            <subfield code="v">7846.</subfield>
            <subfield code="a">Department and Foreign Service series ;</subfield>
            <subfield code="v">128</subfield>
        </datafield>
    </record>