
    <record>
        <leader>66662cim  2200457Ia 45í0</leader>
        <controlfield tag="001">a4904</controlfield>
        <controlfield tag="008">041202s2000    mdunnn  s      f    eng d</controlfield>
        <datafield tag="245" ind1="1" ind2="4">
            <subfield code="a">490 |a |x |v</subfield>
        </datafield>
        <datafield tag="490" ind1="1" ind2=" ">
            <subfield code="a">Memoire du BRGM,</subfield>
            <subfield code="x">0071-8246 ;</subfield>
            <subfield code="v">no 123</subfield>
        </datafield>
    </record>