
    <record>
        <leader>66662cim  2200457Ia 45í0</leader>
        <controlfield tag="001">a4905</controlfield>
        <controlfield tag="008">041202s2000    mdunnn  s      f    eng d</controlfield>
        <datafield tag="245" ind1="1" ind2="4">
            <subfield code="a">490 repeated a then x</subfield>
        </datafield>
        <datafield tag="490" ind1="1" ind2=" ">
            <subfield code="a">Annual census of manufactures =</subfield>
            <subfield code="a">Recensement des manufactures,</subfield>
            <subfield code="x">0315-5587</subfield>
        </datafield>
    </record>