
    <record>
        <leader>66662cim  2200457Ia 45í0</leader>
        <controlfield tag="001">a4906</controlfield>
        <controlfield tag="008">041202s2000    mdunnn  s      f    eng d</controlfield>
        <datafield tag="245" ind1="1" ind2="4">
            <subfield code="a">490 repeated a x then l</subfield>
        </datafield>
        <datafield tag="490" ind1="1" ind2=" ">
            <subfield code="a">Bulletin / Engineering Experiment Station ;</subfield>
            <subfield code="v">no. 50</subfield>
            <subfield code="l">(TA7.O74)</subfield>
        </datafield>
    </record>