
    <record>
        <leader>66662cim  2200457Ia 45í0</leader>
        <controlfield tag="001">a4907</controlfield>
        <controlfield tag="008">041202s2000    mdunnn  s      f    eng d</controlfield>
        <datafield tag="245" ind1="1" ind2="4">
            <subfield code="a">mult 490s</subfield>
        </datafield>
        <datafield tag="490" ind1="1" ind2=" ">
            <subfield code="a">first 490 a</subfield>
            <subfield code="v">first 490 v</subfield>
        </datafield>
        <datafield tag="490" ind1="1" ind2=" ">
            <subfield code="a">second 490 a only</subfield>
        </datafield>
        <datafield tag="490" ind1="1" ind2=" ">
            <subfield code="a">third 490 a</subfield>
            <subfield code="v">third 490 v</subfield>
        </datafield>
    </record>