
        
<!-- 700 fields (repeatable) added entry personal name subfields a, d only-->
    <record>
        <leader>66662cim  2200457Ia 45í0</leader>
        <controlfield tag="001">a711</controlfield>
        <controlfield tag="008">041202s2000    mdunnn  s      f    eng d</controlfield>
        <datafield tag="245" ind1="1" ind2="4">
            <subfield code="a">multiple 700s, some with |d, some not</subfield>
        </datafield>
        <datafield tag="700" ind1="1" ind2=" ">
            <subfield code="a">Kat, Bucky,</subfield>
            <subfield code="d">1995-2008</subfield>
        </datafield>
        <datafield tag="700" ind1="1" ind2=" ">
            <subfield code="a">Rees, Graham L.</subfield>
        </datafield>
        <datafield tag="700" ind1="1" ind2=" ">
            <subfield code="a">Frog, Kermit,</subfield>
            <subfield code="d">1960-</subfield>
        </datafield>
    </record>