
    <record>
        <leader>66662cim  2200457Ia 45í0</leader>
        <controlfield tag="001">a722</controlfield>
        <controlfield tag="008">041202s2000    mdunnn  s      f    eng d</controlfield>
        <datafield tag="245" ind1="1" ind2="4">
            <subfield code="a">700 with |t between |a and |d</subfield>
        </datafield>
        <datafield tag="700" ind1="1" ind2="2">
            <subfield code="a">Nypsus, Marcus Iunius.</subfield>
            <subfield code="t">Fluminis varatio.</subfield>
            <subfield code="d">1993.</subfield>
        </datafield>
    </record>