
    <record>
        <leader>66662cim  2200457Ia 45í0</leader>
        <controlfield tag="001">a733</controlfield>
        <controlfield tag="008">041202s2000    mdunnn  s      f    eng d</controlfield>
        <datafield tag="245" ind1="1" ind2="4">
            <subfield code="a">700 with lots of subfields following |a and |d, and another 700</subfield>
        </datafield>
        <datafield tag="700" ind1="1" ind2="2">
            <subfield code="a">Mendelssohn-Bartholdy, Felix,</subfield>
            <subfield code="d">1809-1847.</subfield>
            <subfield code="t">Lieder ohne Worte,</subfield>
            <subfield code="m">piano,</subfield>
            <subfield code="n">op.62.</subfield>
            <subfield code="n">No. 6.</subfield>
            <subfield code="p">Frühlingslied.</subfield>
            <subfield code="f">1970.</subfield>
        </datafield>
        <datafield tag="700" ind1="1" ind2=" ">
            <subfield code="a">Rumpole, Horace,</subfield>
            <subfield code="d">1954-1998</subfield>
        </datafield>
    </record>
    
</collection>